@book{robinson2013graph,
  title={Graph databases},
  author={Robinson, Ian and Webber, Jim and Eifrem, Emil},
  year={2013},
  publisher={" O'Reilly Media, Inc."}
}

@article{krishnamoorthy2018efficient,
  title={Efficient mining of high utility itemsets with multiple minimum utility thresholds},
  author={Krishnamoorthy, Srikumar},
  journal={Engineering Applications of Artificial Intelligence},
  volume={69},
  pages={112--126},
  year={2018},
  publisher={Elsevier}
}

@inproceedings{fournier2014fhm,
  title={FHM: Faster high-utility itemset mining using estimated utility co-occurrence pruning},
  author={Fournier-Viger, Philippe and Wu, Cheng-Wei and Zida, Souleymane and Tseng, Vincent S},
  booktitle={International symposium on methodologies for intelligent systems},
  pages={83--92},
  year={2014},
  organization={Springer}
}